[gd_scene load_steps=24 format=2]

[ext_resource path="res://Animation/Idle.tres" type="Animation" id=1]
[ext_resource path="res://Assets/Archaeologist Sprite Sheet.png" type="Texture" id=2]
[ext_resource path="res://Animation/Walking.tres" type="Animation" id=3]
[ext_resource path="res://Animation/Jumping.tres" type="Animation" id=4]
[ext_resource path="res://Animation/AttackWhip.tres" type="Animation" id=5]
[ext_resource path="res://Script/Player.gd" type="Script" id=6]
[ext_resource path="res://Assets/light3.png" type="Texture" id=7]
[ext_resource path="res://Assets/Audio/footstep06.ogg" type="AudioStream" id=8]

[sub_resource type="RectangleShape2D" id=1]
extents = Vector2( 7.635, 12 )

[sub_resource type="AnimationNodeAnimation" id=2]
animation = "AttackWhip"

[sub_resource type="AnimationNodeAnimation" id=3]
animation = "Idle"

[sub_resource type="AnimationNodeAnimation" id=4]
animation = "Jumping"

[sub_resource type="AnimationNodeAnimation" id=5]
animation = "Walking"

[sub_resource type="AnimationNodeStateMachineTransition" id=6]

[sub_resource type="AnimationNodeStateMachineTransition" id=7]

[sub_resource type="AnimationNodeStateMachineTransition" id=8]

[sub_resource type="AnimationNodeStateMachineTransition" id=9]

[sub_resource type="AnimationNodeStateMachineTransition" id=10]

[sub_resource type="AnimationNodeStateMachineTransition" id=11]

[sub_resource type="AnimationNodeStateMachineTransition" id=12]

[sub_resource type="AnimationNodeStateMachineTransition" id=13]
switch_mode = 2
auto_advance = true

[sub_resource type="AnimationNodeStateMachine" id=14]
states/AttackWhip/node = SubResource( 2 )
states/AttackWhip/position = Vector2( 273, 81 )
states/Idle/node = SubResource( 3 )
states/Idle/position = Vector2( 631, 54 )
states/Jumping/node = SubResource( 4 )
states/Jumping/position = Vector2( 884, 81 )
states/Walking/node = SubResource( 5 )
states/Walking/position = Vector2( 675, 155 )
transitions = [ "Idle", "Walking", SubResource( 6 ), "Idle", "Jumping", SubResource( 7 ), "Walking", "Jumping", SubResource( 8 ), "Walking", "Idle", SubResource( 9 ), "Jumping", "Idle", SubResource( 10 ), "Jumping", "Walking", SubResource( 11 ), "Idle", "AttackWhip", SubResource( 12 ), "AttackWhip", "Idle", SubResource( 13 ) ]
start_node = "Idle"
end_node = "Idle"

[sub_resource type="AnimationNodeStateMachinePlayback" id=15]

[node name="KinematicBody2D" type="KinematicBody2D"]
position = Vector2( 1.05948, 2.11893 )
script = ExtResource( 6 )

[node name="Light2D" type="Light2D" parent="."]
visible = false
position = Vector2( 0, -2.38419e-07 )
enabled = false
texture = ExtResource( 7 )
texture_scale = 0.21
energy = 0.7
shadow_enabled = true

[node name="Sprite" type="Sprite" parent="."]
position = Vector2( -0.220695, -8.84005 )
texture = ExtResource( 2 )
hframes = 8
vframes = 7
frame = 2

[node name="CollisionShape2D" type="CollisionShape2D" parent="."]
position = Vector2( -1.05948, -4.11893 )
shape = SubResource( 1 )

[node name="AnimationPlayer" type="AnimationPlayer" parent="."]
anims/AttackWhip = ExtResource( 5 )
anims/Idle = ExtResource( 1 )
anims/Jumping = ExtResource( 4 )
anims/Walking = ExtResource( 3 )

[node name="AnimationTree" type="AnimationTree" parent="."]
tree_root = SubResource( 14 )
anim_player = NodePath("../AnimationPlayer")
active = true
parameters/playback = SubResource( 15 )

[node name="Camera2D" type="Camera2D" parent="."]
current = true

[node name="WalkingSound" type="AudioStreamPlayer" parent="."]
stream = ExtResource( 8 )
volume_db = -20.0
